@article{bartlett_xxtheory_1934,
  title    = {{XX}.â€”{On} the {Theory} of {Statistical} {Regression}},
  volume   = {53},
  issn     = {0370-1646},
  doi      = {10.1017/S0370164600015637},
  language = {en},
  journal  = {Proceedings of the Royal Society of Edinburgh},
  author   = {Bartlett, M. S.},
  month    = jan,
  year     = {1934},
  note     = {Publisher: Royal Society of Edinburgh Scotland Foundation},
  pages    = {260--283}
}

@article{jones_generating_1985,
  title   = {Generating inverse {Wishart} matrices},
  volume  = {14},
  issn    = {0361-0918},
  doi     = {10.1080/03610918508812454},
  number  = {2},
  journal = {Communications in Statistics - Simulation and Computation},
  author  = {Jones, M. C.},
  month   = jan,
  year    = {1985},
  pages   = {511--514}
}

@book{muirhead_aspects_1982,
  edition   = {1},
  series    = {Wiley {Series} in {Probability} and {Statistics}},
  title     = {Aspects of {Multivariate} {Statistical} {Theory}},
  isbn      = {978-0-471-09442-5 978-0-470-31655-9},
  language  = {en},
  publisher = {Wiley},
  author    = {Muirhead, Robb J.},
  month     = mar,
  year      = {1982},
  doi       = {10.1002/9780470316559}
}


@article{odell_numerical_1966,
  title   = {A {Numerical} {Procedure} to {Generate} a {Sample} {Covariance} {Matrix}},
  volume  = {61},
  issn    = {0162-1459},
  doi     = {10.1080/01621459.1966.10502018},
  number  = {313},
  journal = {Journal of the American Statistical Association},
  author  = {Odell, P. L. and Feiveson, A. H.},
  month   = mar,
  year    = {1966},
  pages   = {199--203}
}

@article{smith_algorithm_1972,
  title      = {Algorithm {AS} 53: {Wishart} {Variate} {Generator}},
  volume     = {21},
  issn       = {0035-9254},
  shorttitle = {Algorithm {AS} 53},
  doi        = {10.2307/2346290},
  number     = {3},
  journal    = {Journal of the Royal Statistical Society. Series C (Applied Statistics)},
  author     = {Smith, W. B. and Hocking, R. R.},
  year       = {1972},
  note       = {Publisher: [Wiley, Royal Statistical Society]},
  pages      = {341--345}
}
